<record><leader>00000cas a2200000 a 4500</leader><controlfield tag="001">47856951</controlfield><controlfield tag="008">010828u1981uuuumiuwr n       0    0eng c</controlfield><datafield ind1=" " ind2=" " tag="010"><subfield code="a">sn2001061798</subfield></datafield><datafield ind1=" " ind2=" " tag="040"><subfield code="a">MHN</subfield><subfield code="b">eng</subfield><subfield code="c">MHN</subfield><subfield code="d">OCLCQ</subfield><subfield code="d">OCLCF</subfield><subfield code="d">OCLCO</subfield></datafield><datafield ind1="1" ind2=" " tag="029"><subfield code="a">AU@</subfield><subfield code="b">000022959766</subfield></datafield><datafield ind1=" " ind2=" " tag="042"><subfield code="a">pcc</subfield></datafield><datafield ind1=" " ind2=" " tag="043"><subfield code="a">n-us-mi</subfield></datafield><datafield ind1="0" ind2="0" tag="245"><subfield code="a">Iosco County news herald.</subfield></datafield><datafield ind1="1" ind2="3" tag="246"><subfield code="a">News herald</subfield></datafield><datafield ind1="1" ind2="7" tag="246"><subfield code="a">News herald and press</subfield></datafield><datafield ind1=" " ind2=" " tag="260"><subfield code="a">East Tawas, Mich. :</subfield><subfield code="b">News-Press Pub. Co.</subfield></datafield><datafield ind1=" " ind2=" " tag="300"><subfield code="a">v.</subfield></datafield><datafield ind1=" " ind2=" " tag="310"><subfield code="a">Weekly</subfield></datafield><datafield ind1="0" ind2=" " tag="362"><subfield code="a">Vol. 1, no. 1 (Apr. 8, 1981)-</subfield></datafield><datafield ind1=" " ind2=" " tag="580"><subfield code="a">Formed by union of: Tawas herald, and: Iosco County news.</subfield></datafield><datafield ind1=" " ind2="0" tag="651"><subfield code="a">East Tawas (Mich.)</subfield><subfield code="v">Newspapers.</subfield></datafield><datafield ind1=" " ind2="0" tag="651"><subfield code="a">Tawas City (Mich.)</subfield><subfield code="v">Newspapers.</subfield></datafield><datafield ind1=" " ind2="0" tag="651"><subfield code="a">Iosco County (Mich.)</subfield><subfield code="v">Newspapers.</subfield></datafield><datafield ind1=" " ind2="7" tag="655"><subfield code="a">Newspapers.</subfield><subfield code="2">fast</subfield><subfield code="0">(OCoLC)fst01423814</subfield></datafield><datafield ind1=" " ind2="7" tag="651"><subfield code="a">Michigan</subfield><subfield code="z">East Tawas.</subfield><subfield code="2">fast</subfield><subfield code="0">(OCoLC)fst01229879</subfield></datafield><datafield ind1=" " ind2="7" tag="651"><subfield code="a">Michigan</subfield><subfield code="z">Iosco County.</subfield><subfield code="2">fast</subfield><subfield code="0">(OCoLC)fst01214767</subfield></datafield><datafield ind1=" " ind2="7" tag="651"><subfield code="a">Michigan</subfield><subfield code="z">Tawas City.</subfield><subfield code="2">fast</subfield><subfield code="0">(OCoLC)fst01237473</subfield></datafield><datafield ind1=" " ind2=" " tag="752"><subfield code="a">United States</subfield><subfield code="b">Michigan</subfield><subfield code="c">Iosco</subfield><subfield code="d">East Tawas.</subfield></datafield><datafield ind1="0" ind2="4" tag="780"><subfield code="t">Tawas herald</subfield><subfield code="w">(DLC)sn 97063299</subfield><subfield code="w">(OCoLC)36626201</subfield></datafield><datafield ind1="0" ind2="4" tag="780"><subfield code="t">Iosco County news</subfield><subfield code="w">(DLC)sn2001061797</subfield><subfield code="w">(OCoLC)47856919</subfield></datafield></record>